<collection xmlns="http://www.loc.gov/MARC21/slim">
<record>
  <leader>00437na 0a22000971i 450 </leader>
  <controlfield tag="001">IT\ICCU\CNCE\068849</controlfield>
  <controlfield tag="005">20061116000000.0</controlfield>
  <datafield tag="100" ind1=" " ind2=" ">
    <subfield code="a">20061116             0itac0103    ba</subfield>
  </datafield>
  <datafield tag="101" ind1=" " ind2=" ">
    <subfield code="a">ITA</subfield>
  </datafield>
  <datafield tag="200" ind1="1" ind2=" ">
    <subfield code="a">Vltima lettera con auisi particolari venuti da Messina al molto magnifico signor caualier Saracino, maiordomo del ser. sig. et gran principe di Toscana non piu scritti, per li quali si narra la vera cagione della vittoria ...</subfield>
  </datafield>
  <datafield tag="801" ind1=" " ind2="3">
    <subfield code="a">IT</subfield>
    <subfield code="b">ICCU</subfield>
    <subfield code="c">20201115</subfield>
  </datafield>
</record>
</collection>
